@article{modnet,
    title = {Robust model benchmarking and bias-imbalance in data-driven materials science: a case study on MODNet},
    author = {De Breuck, P. and \textbf{Evans, M. L.} and Rignanese, G.},
    year = {2021},
    sortyear = {2021-7},
    volume = {33},
    month = {7},
    number = {40},
    pages = {404002},
    journal = {J. Phys.: Condens. Matter},
    doi = {10.1088/1361-648x/ac1280},
    keywords = {final},
    eprint = {2102.02263},
}

@article{optimade,
    title = {OPTIMADE, an API for exchanging materials data},
    author = {Andersen, C. and Armiento, R. and Blokhin, E. and Conduit, G. and Dwaraknath, S. and \underline{\textbf{Evans, M. L.}} and Fekete, A. and Gopakumar, A. and Grazulis, S. and Merkys, A. and Mohamed, F. and Oses, C. and Pizzi, G. and Rignanese, G. and Scheidgen, M. and Talirz, L. and Toher, C. and Winston, D. and others},
    year = {2021},
    sortyear = {2021-8},
    keywords = {final},
    month = {8},
    volume = {8},
    issue = {1},
    pages = {217},
    journal = {Sci Data},
    doi = {10.1038/s41597-021-00974-z},
    eprint = {2103.02068},
}

@article{optimade-python-tools,
   title = {\texttt{optimade-python-tools}: a Python library for serving and consuming materials data via OPTIMADE APIs},
    author = {\underline{\textbf{Evans, M. L.}} and Andersen, C. W. and Dwaraknath, S. and Scheidgen, M. and Fekete, A. and Winston, D.},
    year = {2021},
    sortyear = {2021-9},
    month = {9},
    keywords = {final},
    volume = {6},
    number = {65},
    pages = {3458},
    journal = {Journal of Open Source Software},
    doi = {10.21105/joss.03458}
}

@article{CuP,
    title = {Phases of Copper Phosphides from Computational Structure Searches},
    author = {Harper, A. F. and \textbf{Evans, M. L.} and Morris, A. J.},
    journal = {Chem. Mater.},
    issue = {15},
    volume = {32},
    year = {2020},
    sortyear = {2020-5},
    doi = {10.1021/acs.chemmater.0c02054},
    month = {5},
    eprint = {2005.05375},
    keywords = {final},
}

@article{matador,
    title = {\texttt{matador}: a Python library for analysing, curating and performing high-throughput density-functional theory calculations},
    author = {\underline{\textbf{Evans, M. L.}} and Morris, A. J.},
    journal = {Journal of Open Source Software},
    year = {2020},
    month = {9},
    volume = {5},
    number = {54},
    pages = {2563},
    sortyear = {2020-9},
    doi = {10.21105/joss.02563},
    keywords = {final},
}

@article{JM,
  title = {\emph{Ab initio} structure prediction methods for battery materials: A review of recent computational efforts to predict the atomic level structure and bonding in materials for rechargeable batteries},
  author = {Harper, A. F. and  \textbf{Evans, M. L.} and Darby, J. P. and Karasulu, B. and Ko√ßer, C. P. and Nelson, J. R. and Morris, A. J.},
  journal = {Johnson Matthey Technology Review},
  volume = {64},
  issue = {2},
  month = {4},
  year = {2020},
  pages =  {103-118},
  sortyear = {2020-4},
  doi = {10/ggrmgf},
  keywords = {final}
}

@article{PhysRevFluids.1.044502,
  title = {Interactions between unidirectional quantized vortex rings},
  author = {T. Zhu and \textbf{Evans, M. L.} and R. A. Brown and P. M. Walmsley and A. I. Golov},
  journal = {Phys. Rev. Fluids},
  volume = {1},
  issue = {4},
  pages = {044502},
  year = {2016},
  month = {8},
  publisher = {American Physical Society},
  doi = {10.1103/PhysRevFluids.1.044502},
  eprint = {1603.04313},
  keywords = {final}
}

@article{NaP,
    title = {(De)Sodiation via Helical Phosphorus Intermediates in High Capacity Anodes for Sodium-ion Batteries},
    author = {L. E. Marbella and \underline{\textbf{Evans, M. L.}} and M. F. Groh and J. Nelson and K. J. Griffith, and A. J. Morris and C. P. Grey},
    journal = {J. Am. Chem. Soc.},
    volume = {140},
    pages = {7994-8004},
    year = {2018},
    month = {6},
    sortyear = {2018},
    doi = {10.1021/jacs.8b04183},
    keywords = {final}
}
